@article{JSJA201105003,
author = {  樊晓光 and     褚文奎 and 张凤鸣},
title = {软件安全性研究综述},
journal = {计算机科学},
volume = {38},
number = {05},
pages = {8-13+27},
year = {2011},
issn = {1002-137X},
}    

@article{沈国华2016软件可信评估研究综述,
  title={软件可信评估研究综述: 标准, 模型与工具},
  author={沈国华 and 黄志球 and 谢冰 and 朱羿全 and 廖莉莉 and 王飞 and 刘银陵},
  journal={软件学报},
  volume={27},
  number={4},
  pages={955--968},
  year={2016}
}

@article{王怀民2014基于网络的可信软件大规模协同开发与演化,
  title={基于网络的可信软件大规模协同开发与演化},
  author={王怀民 and 尹刚 and 谢冰 and 刘旭东 and 魏峻 and 刘江宁 and others},
  journal={中国科学: 信息科学},
  volume={44},
  number={1},
  pages={1},
  year={2014}
}

@article{刘彦钊2012一种基于属性划分的软件可信性度量模型研究,
  title={一种基于属性划分的软件可信性度量模型研究},
  author={刘彦钊 and 罗峋 and 薛凯 and 罗平},
  journal={Computer Science and Application},
  volume={2},
  pages={121},
  year={2012},
  publisher={中文学术期刊, 汉斯出版社, Hans Publishers}
}

@article{leveson1986software,
  title={Software safety: Why, what, and how},
  author={Leveson, Nancy G},
  journal={ACM Computing Surveys (CSUR)},
  volume={18},
  number={2},
  pages={125--163},
  year={1986},
  publisher={ACM New York, NY, USA}
}

@article{space1977national,
  title={National Aeronautics and Space Administration},
  author={Space, NA},
  journal={Retrieved from National Aeronautics and Space Administration: www. nasa. gov},
  year={1977}
}

@inproceedings{chowdhury2008security,
  title={Security metrics for source code structures},
  author={Chowdhury, Istehad and Chan, Brian and Zulkernine, Mohammad},
  booktitle={Proceedings of the fourth international workshop on Software engineering for secure systems},
  pages={57--64},
  year={2008}
}