% !Mode:: "TeX:UTF-8"
%
%%%%%%%%%%%%%%%%%%%%%%%%%%%%%%%%%%%%%%%%%%%%%%%%%%%%%%%%%%%%%%%%%%%%%%%%%
%
%   LaTeX File for East China Normal University LaTeX
%   Thesis Template for Undergraduate
%
%%%%%%%%%%%%%%%%%%%%%%%%%%%%%%%%%%%%%%%%%%%%%%%%%%%%%%%%%%%%%%%%%%%%%%%%%
%   Copyright 2024 by Koyamin (contact@koyamin.com)
%%%%%%%%%%%%%%%%%%%%%%%%%%%%%%%%%%%%%%%%%%%%%%%%%%%%%%%%%%%%%%%%%%%%%%%%%
%
% The bibitems are sorted by pulication date and AUTHOR name.
%

@BOOK{book:begin-c-sharp-xml,
    AUTHOR = "Stewart Fraser and Steven Livingstone",
    TITLE = "C# XML入门经典",
    MONTH = "November",
    YEAR = "2003",
    PUBLISHER = "清华大学出版社",
    ADDRESS = "北京",
}

@BOOK{book:html-and-xml-web,
    AUTHOR = "Michael Morrison",
    TITLE = "HTML与XML网页程序设计基础",
    MONTH = "May",
    YEAR = "2002",
    PUBLISHER = "北京大学出版社",
    ADDRESS = "北京",
}

@BOOK{book:ast-web-programming,
    AUTHOR = "胡标",
    TITLE = "ASP网络编程技术与实例",
    MONTH = "May",
    YEAR = "2004",
    PUBLISHER = "人民邮电出版社",
    ADDRESS = "北京",
}

@ARTICLE{ELIDRISSI94,
    AUTHOR = "Elidrissi, M.C. and Roney, A. and Frigon, C. and et al",
    TITLE = "Measurements of total kinetic-energy released to the {N=2}
  dissociation limit of {H}$_2$ - evidence of the dissociation of very high vibrational
  {R}ydberg states of {H}$_2$ by doubly-excited states",
    JOURNAL = "Chem. Phys. Lett.",
    PAGES = "260-266",
    VOLUME = "224",
    YEAR = "1994",
}

@ARTICLE{MELLINGER96,
    AUTHOR = "Mellinger, A. and Vidal, C.R. and Jungen, Ch.",
    TITLE = "Laser reduced fluorescence study of the carbon-monoxide nd triplet
  {R}ydberg series - experimental results and multichannel quantum-defect analysis",
    JOURNAL = "J. Chem. Phys.",
    PAGES = "8913-8921",
    VOLUME = "104",
    YEAR = "1996",
}

@BOOK{OOSTRUM01,
    AUTHOR = "{P. Oostrum, ifuleyou@bbs.ctex.org~译}",
    FULLAUTHOR = "Piet van Oostrum",
    TITLE = "{\LaTeX}下的页面布局",
    MONTH = "August",
    YEAR = "2001",
}

@ARTICLE{SHELL02,
    AUTHOR = "Michael Shell",
    TITLE = "How to Use the {IEEEtran \LaTeX} Class",
    JOURNAL = "Journal of {\LaTeX} Class Files",
    VOLUME = "1",
    NUMBER = "11",
    MONTH = "November",
    YEAR = "2002",
}

@BOOK{TEXGURU99,
    AUTHOR = "{\TeX}Guru",
    TITLE = "{\LaTeX 2$\varepsilon$}用户手册",
    YEAR = "1999",
}


% English

@ARTICLE{Joa1999,
    AUTHOR = "Joa-Ng, M. and I-Tai Lu",
    TITLE = "A novel spread spectrum-based synchronization and location determination method for wireless system",
    JOURNAL = "IEEE Communications Letters",
    YEAR = "1999",
    MONTH = "Jun.",
    VOLUME = "3",
    NUMBER = "6",
    PAGES = "177-179",
}

@ARTICLE{Fujinoki2001,
    AUTHOR = "Fujinoki, Hiroshi and , PhD",
    TITLE = "Performance evaluation of multicast routing algorithms to trade-off path length and bandwidth consumption and of a protocol to reduce messaging overhead",
    JOURNAL = "UNIVERSITY OF SOUTH FLORIDA, 2001, 109 PAGES",
    YEAR = "2001",
    MONTH = " ",
    VOLUME = " ",
    NUMBER = " ",
    PAGES = " ",
}

@CONFERENCE{Altman1997,
    AUTHOR = "Altman, Eitan and Basar, Tamer",
    TITLE = "Multi-user rate-based flow control: Distributed game-theoretic algorithms",
    BOOKTITLE = "Proceedings of the IEEE Conference on Decision and Control",
    YEAR = "1997",
    MONTH = " ",
    VOLUME = "3",
    PAGES = "2916-2921",
}
