@article{baldi1995gradient,
  title={Gradient descent learning algorithm overview: A general dynamical systems perspective},
  author={Baldi, Pierre},
  journal={IEEE Transactions on neural networks},
  volume={6},
  number={1},
  pages={182--195},
  year={1995},
  publisher={IEEE}
}

@article{amari1993backpropagation,
  title={Backpropagation and stochastic gradient descent method},
  author={Amari, Shun-ichi},
  journal={Neurocomputing},
  volume={5},
  number={4-5},
  pages={185--196},
  year={1993},
  publisher={Elsevier}
}

@article{schafer2019competitive,
  title={Competitive gradient descent},
  author={Sch{\"a}fer, Florian and Anandkumar, Anima},
  journal={Advances in Neural Information Processing Systems},
  volume={32},
  year={2019}
}

